%% book, authored
@book{ref1,
  author		= "Dixit, A. K. and Pindyck, R. S.",
  title			= "Investment under Uncertainty",
  publisher		= "Princeton University Press",
  year			= "1994"
}

%% book, authored
@book{ref2,
  author		= "Trigeorgis, L.",
  title			= "Real {O}ptions: {M}anagerial {F}lexibility and {S}trategy in {R}esource {A}llocation",
  publisher		= "MIT Press",
  year			= "1996"
}

%% Journal article
@article{ref3,
  author		= "Dias, M. A. G.",
  title			= "Valuation of exploration and production assets: an overview of real options models",
  journal		= "Journal of Petroleum Science and Engineering",
  volume		= "44",
  pages			= "93--114",
  year			= "2004",
  doi			= "10.1016/j.petrol.2004.02.008"
}

%% Journal article with DOI
@article{ref4,
  author		= "Guedes, J. and Santos, P.",
  title			= "Valuing an offshore oil exploration and production project through real options analysis",
  journal		= "Energy Economics",
  volume		= "60",
  pages			= "377--386",
  year			= "2016",
  doi			= "10.1016/j.eneco.2016.09.024"
}

%% Journal article with DOI
@article{ref5,
  author		= "Aliaga, W.",
  title			= "Valuation of {G}overnment {I}ncentives for {H}ydrocarbon {A}sset {D}evelopments – {A} {R}eal {O}ption {A}pproach",
  journal		= "SPE Annual Technical Conference and Exhibition, Dallas, TX",
  volume		= "SPE-191578-MS",
  year			= "2018",
  doi			= "10.2118/191578-MS"
}

%% Journal article with DOI
@article{ref6,
  author		= "Sales, L. and Jaschke, J. and Stanko, M.",
  title			= "Early field planning using optimisation and considering uncertainties: Study case of an offshore deepwater field in Brazil",
  journal		= "Journal of Petroleum Science and Engineering",
  volume		= "207",
  pages			= "109058",
  year			= "2021",
  doi			= "10.1016/j.petrol.2021.109058"
}

%% Journal article with DOI
@article{ref7,
  author		= "Fedorov, S. and Hagspiel, V. and Haseldonckx, S. and Hyldmo, T. and Skudal, M. H.",
  title			= "A compound real options framework for optimal project portfolio allocation under uncertainty: The case of marginal field development under reservoir and price uncertainty",
  journal		= "Geoenergy Science and Engineering",
  volume		= "244",
  pages			= "213472",
  year			= "2025",
  doi			= "10.1016/j.geoen.2024.213472"
}

%% Journal article with DOI
@article{ref8,
  author		= "Jafarizadeh, B. and Bratvold, R. B.",
  title			= "Real {O}ptions {A}nalysis in {P}etroleum {E}xploration and {P}roduction: {A} {N}ew {P}aradigm in {I}nvestment {A}nalysis",
  journal		= "SPE EUROPEC/EAGE Annual Conference and Exhibition, Amsterdam, The Netherlands",
  volume		= "SPE-121426-MS",
  year			= "2009",
  doi			= "10.2118/121426-MS"
}

%% Journal article with DOI
@article{ref9,
  author		= "Begg, S. H. and Bratvold, R. B. and Campbell, J.",
  title			= "The {V}alue of {F}lexibility in {M}anaging {U}ncertainty in {O}il and {G}as {I}nvestments",
  journal		= "SPE Annual Technical Conference and Exhibition, San Antonio, TX",
  volume		= "SPE-77586-MS",
  year			= "2002",
  doi			= "10.2118/77586-MS"
}

%% Journal article with DOI
@article{ref10,
  author		= "Bickel, J. E. and Bratvold, R. B.",
  title			= "From uncertainty quantification to decision making in the oil and gas industry",
  journal		= "Energy Exploration \& Exploitation",
  volume		= "26",
  pages			= "311--325",
  year			= "2008",
  doi			= "10.1260/014459808787945344"
}

%% Journal article with DOI
@article{ref11,
  author		= "Chorn, L. G. and Shokhor, S.",
  title			= "Real options for risk management in petroleum development investments",
  journal		= "Energy Economics",
  volume		= "28",
  pages			= "489--505",
  year			= "2006",
  doi			= "10.1016/j.eneco.2006.03.002"
}

%% Journal article with DOI
@article{ref12,
  author		= "Brandão, L. E. and Dyer, J. S. and Hahn, W.",
  title			= "Using binomial decision trees to solve real-option valuation problems",
  journal		= "Decision Analysis",
  volume		= "2",
  pages			= "69--88",
  year			= "2005",
  doi			= "10.1287/deca.1050.0040"
}

%% Journal article with DOI
@article{ref13,
  author		= "Smith, J. E.",
  title			= "Alternative {A}pproaches for {S}olving {R}eal-{O}ptions {P}roblems (Comment on Brandão et al. 2005)",
  journal		= "Decision Analysis",
  volume		= "2",
  pages			= "89--102",
  year			= "2005",
  doi			= "10.1287/deca.1050.0041"
}

%% Journal article with DOI
@article{ref14,
  author		= "Longstaff, F. A. and Schwartz, E. S.",
  title			= "Valuing {A}merican {O}ptions by {S}imulation: {A} {S}imple {L}east-{S}quares {A}pproach",
  journal		= "The Review of Financial Studies",
  volume		= "14",
  pages			= "113--147",
  year			= "2001",
  doi			= "10.1093/rfs/14.1.113"
}

%% Journal article with DOI
@article{ref15,
  author		= "Ahmadi, R. and Bratvold, R. B.",
  title			= "An exposition of least square {M}onte {C}arlo approach for real options valuation",
  journal		= "Journal of Petroleum Science and Engineering",
  volume		= "222",
  pages			= "111230",
  year			= "2023",
  doi			= "10.1016/j.petrol.2022.111230"
}

%% Journal article with DOI
@article{ref16,
  author		= "Thomas, P. and Bratvold, R. B.",
  title			= "A {R}eal {O}ptions {A}pproach to the {G}as {C}ap {B}lowdown {D}ecision",
  journal		= "SPE Annual Technical Conference and Exhibition, Houston, TX",
  volume		= "SPE-174868-MS",
  year			= "2015",
  doi			= "10.2118/174868-MS"
}

%% Journal article with DOI
@article{ref17,
  author		= "Schwartz, E. and Smith, J. E.",
  title			= "Short-{T}erm {V}ariations and {L}ong-{T}erm {D}ynamics in {C}ommodity {P}rices",
  journal		= "Management Science",
  volume		= "46",
  pages			= "893--911",
  year			= "2000",
  doi			= "10.1287/mnsc.46.7.893.12034"
}

%% Journal article with DOI
@article{ref18,
  author		= "Jansen, J. D. and Fonseca, R. M. and Kahrobaei, S. and Siraj, M. M. and Van Essen, G. M. and Vand den Hof, P. M. J.",
  title			= "The {E}gg model - a geological ensemble for reservoir simulation",
  journal		= "Geoscience Data Journal",
  volume		= "1",
  pages			= "192--195",
  year			= "2014",
  doi			= "10.1002/gdj3.21"
}

%% Journal article with DOI
@article{ref19,
  author		= "Al-Harthy, M. H.",
  title			= "Stochastic oil price models: comparison and impact",
  journal		= "The Engineering Economist",
  volume		= "52",
  pages			= "269--284",
  year			= "2007",
  doi			= "10.1080/00137910701503944"
}

%% Journal article with DOI
@article{ref20,
  author		= "Xu, L. and Sepehrnoori, K. and Dyer, J. S. and Van Rensburg, W. C.",
  title			= "Application of {R}eal {O}ptions to {V}aluations and {D}ecision-making in the {P}etroleum {E}\&{P} {I}ndustry",
  journal		= "SPE Hydrocarbon Economics and Evaluation Symposium, Calgary, ALberta, Canada",
  volume		= "SPE-162929-MS",
  year			= "2012",
  doi			= "10.2118/162929-MS"
}

%% Journal article with DOI
@article{ref21,
  author		= "Fedorov, S. and Hagspiel, V. and Lerdahl, T.",
  title			= "Real options approach for a staged field development with optional wells",
  journal		= "Journal of Petroleum Science and Engineering",
  volume		= "205",
  pages			= "108837",
  year			= "2021",
  doi			= "10.1016/j.petrol.2021.108837"
}

%% Journal article with DOI
@article{ref22,
  author		= "Fedorov, S. and Amar, M. N. and Hagspiel, V. and Lerdahl, T.",
  title			= "Sequential production of two oil fields with an option to switch",
  journal		= "Journal of Petroleum Science and Engineering",
  volume		= "218",
  pages			= "110933",
  year			= "2022",
  doi			= "10.1016/j.petrol.2022.110933"
}

%% Journal article with DOI
@article{ref23,
  author		= "Van Essen, G. and Zandvliet, M. and Van den Hof, P. and Bosgra, O. and Jansen, J. D.",
  title			= "Robust {W}aterflooding {O}ptimization of {M}ultiple {G}eological {S}cenarios",
  journal		= "SPE Journal",
  volume		= "14",
  pages			= "202--210",
  year			= "2009",
  doi			= "10.2118/102913-PA"
}

%% book, authored
@book{ref24,
  author		= "Bratvold, R. B. and Begg, S. H.",
  title			= "Making Good Decisions",
  publisher		= "Society of Petroleum Engineers",
  year			= "2010"
}

%% Journal article with DOI
@article{ref25,
  author		= "Black, F. and Scholes, M.",
  title			= "The pricing of options and corporate liabilities",
  journal		= "Journal of Political Economy",
  volume		= "81",
  pages			= "637--654",
  year			= "1973",
  doi			= "10.1086/260062"
}

%% Journal article with DOI
@article{ref26,
  author		= "Goodwin, D.",
  title			= "Schwartz-{S}mith {T}wo-{F}actor {M}Odel in the {C}opper {M}arket: before and after the {N}ew {M}arket {D}ynamics",
  journal		= "School of Economics and Management -",
  volume		= "Lund University - Department of Economics",
  pages			= " Master Thesis",
  year			= "2013"
}


%%============================================================================%%
%% while using chicago reference style, both abbreviated and expanded form of %%
%% author name format is acceptable. Refer below example for expanded form    %%
%%============================================================================%%

%%  author		= "{Cameron, Deborah}", - single author
%%  author		= "{Saito, Yukio} and {Hyuga, Hiroyuki}", - double author 

%%======================================%%
%% Example for author names with suffix %%
%%======================================%%

%%  author		= "{Price, R. A. Jr} and {Curry, N. {III}} and McCann, K. E. and 
%%					Fielding, J. L. and {Abercrombie, E. Jr}",
